@manual{sagemath,
  title        = {{Sage} {M}athematics {S}oftware Version 6.8},
  author       = {William Stein and others},
  organization = {The Sage~Development Team},
  year         = 2015,
  note         = {Available at \url{http://www.sagemath.org}},
  institution  = {The SAGE Group},
}

@article{CMath:BonSil03,
  author       = {Dan Boneh and Alice Silverberg},
  title        = {Applications of Multilinear Forms to Cryptography},
  journal      = {Contemporary Mathematics},
  year         = 2003,
  volume       = 324,
  pages        = {71-90},
}

@article{JC:GGIPSS14,
  author       = {Gentry, Craig and Groth, Jens and Ishai, Yuval and Peikert, Chris and Sahai, Amit and Smith, Adam},
  title        = {Using Fully Homomorphic Hybrid Encryption to Minimize Non-interative Zero-Knowledge Proofs},
  journal      = {Journal of Cryptology},
  year         = 2014,
  pages        = {1-24},
  doi          = {10.1007/s00145-014-9184-y},
  publisher    = {Springer US},
}


@inproceedings{COCO:Regev10,
  author       = {Oded Regev},
  title        = {The Learning with Errors Problem (Invited Survey)},
  booktitle    = {IEEE Conference on Computational Complexity},
  year         = 2010,
  pages        = {191-204},
  ee           = {http://doi.ieeecomputersociety.org/10.1109/CCC.2010.26},
  crossref     = {COCO10},
}

@proceedings{COCO10,
  title        = {Proceedings of the 25th Annual IEEE Conference on Computational Complexity, CCC 2010, Cambridge, Massachusetts, June 9-12, 2010},
  year         = 2010,
  booktitle    = {IEEE Conference on Computational Complexity},
  publisher    = {IEEE Computer Society},
  isbn         = {978-0-7695-4060-3},
}

@INPROCEEDINGS{HofPipSil98,
    author = {Jeffrey Hoffstein and Jill Pipher and Joseph H. Silverman},
    title = {NTRU: A Ring-Based Public Key Cryptosystem},
    booktitle = {Lecture Notes in Computer Science},
    year = {1998},
    pages = {267--288},
    publisher = {Springer-Verlag}
}

@inproceedings{Kayal09,
  author    = {Neeraj Kayal},
  title     = {The Complexity of the Annihilating Polynomial},
  booktitle = {Proceedings of the 24th Annual {IEEE} Conference on Computational
               Complexity, {CCC} 2009, Paris, France, 15-18 July 2009},
  pages     = {184--193},
  publisher = {{IEEE} Computer Society},
  year      = {2009},
  url       = {http://dx.doi.org/10.1109/CCC.2009.37},
  doi       = {10.1109/CCC.2009.37},
  timestamp = {Fri, 13 May 2016 10:27:38 +0200},
  biburl    = {http://dblp2.uni-trier.de/rec/bib/conf/coco/Kayal09},
  bibsource = {dblp computer science bibliography, http://dblp.org}
}

@misc{EPRINT:CorLeeLepTib16,
    author = {Jean-Sébastien Coron and Moon Sung Lee and Tancrède Lepoint and Mehdi Tibouchi},
    title = {Zeroizing Attacks on Indistinguishability Obfuscation over CLT13},
    howpublished = {Cryptology ePrint Archive, Report 2016/1011},
    year = {2016},
    note = {\url{http://eprint.iacr.org/2016/1011}},
}

@misc{EPRINT:ApoDotGarMuk16,
    author = {Daniel Apon and Nico D\"{o}ttling and Sanjam Garg and Pratyay Mukherjee},
    title = {Cryptanalysis of Indistinguishability Obfuscations of Circuits over GGH13},
    howpublished = {Cryptology ePrint Archive, Report 2016/1003},
    year = {2016},
    note = {\url{http://eprint.iacr.org/2016/1003}},
}

@article{LMS:BiaFie14,
  author = {J.-F. Biasse and C. Fieker},
  title = {Subexponential class group and unit group computation in large degree number fields},
  journal = {LMS Journal of Computation and Mathematics},
  volume = {17},
  issue = {Special Issue A},
  month = {1},
  year = {2014},
  issn = {1461-1570},
  pages = {385--403},
  numpages = {19},
  doi = {10.1112/S1461157014000345},
  URL = {http://journals.cambridge.org/article_S1461157014000345},
}

@article{JCSS:Barrington89,
  author    = {David A. Mix Barrington},
  title     = {Bounded-Width Polynomial-Size Branching Programs Recognize Exactly
               Those Languages in NC{\({^1}\)}},
  journal   = {J. Comput. Syst. Sci.},
  volume    = {38},
  number    = {1},
  pages     = {150--164},
  year      = {1989},
  url       = {http://dx.doi.org/10.1016/0022-0000(89)90037-8},
  doi       = {10.1016/0022-0000(89)90037-8},
  timestamp = {Tue, 05 Jul 2011 11:10:48 +0200},
  biburl    = {http://dblp.uni-trier.de/rec/bib/journals/jcss/Barrington89},
  bibsource = {dblp computer science bibliography, http://dblp.org}
}

@article{TCS:BauStr83,
  author    = {Walter Baur and
               Volker Strassen},
  title     = {The Complexity of Partial Derivatives},
  journal   = {Theor. Comput. Sci.},
  volume    = {22},
  pages     = {317--330},
  year      = {1983},
  url       = {http://dx.doi.org/10.1016/0304-3975(83)90110-X},
  doi       = {10.1016/0304-3975(83)90110-X},
  timestamp = {Wed, 07 Sep 2011 12:13:21 +0200},
  biburl    = {http://dblp.uni-trier.de/rec/bib/journals/tcs/BaurS83},
  bibsource = {dblp computer science bibliography, http://dblp.org}
}

@misc{EPRINT:FerRasSah16,
    author = {Rex Fernando and Peter M. R. Rasmussen and Amit Sahai},
    title = {Preventing CLT Zeroizing Attacks on Obfuscation},
    howpublished = {Cryptology ePrint Archive, Report 2016/1070},
    year = {2016},
    note = {\url{http://eprint.iacr.org/2016/1070}},
}

@misc{EPRINT:Lin16b,
    author = {Huijia Lin},
    title = {Indistinguishability Obfuscation from DDH on 5-linear Maps and Locality-5 PRGs},
    howpublished = {Cryptology ePrint Archive, Report 2016/1096},
    year = {2016},
    note = {\url{http://eprint.iacr.org/2016/1096}},
}

@misc{EPRINT:AnaSah16,
    author = {Prabhanjan Ananth and Amit Sahai},
    title = {Projective Arithmetic Functional Encryption and Indistinguishability Obfuscation From Degree-5 Multilinear Maps},
    howpublished = {Cryptology ePrint Archive, Report 2016/1097},
    year = {2016},
    note = {\url{http://eprint.iacr.org/2016/1097}},
}

@misc{EPRINT:LinTes17,
    author = {Huijia Lin and Stefano Tessaro},
    title = {Indistinguishability Obfuscation from Bilinear Maps and Block-Wise Local PRGs},
    howpublished = {Cryptology ePrint Archive, Report 2017/250},
    year = {2017},
    note = {\url{http://eprint.iacr.org/2017/250}},
}

@misc{EPRINT:LomVai17,
    author = {Alex Lombardi and Vinod Vaikuntanathan},
    title = {On the Non-Existence of Blockwise 2-Local PRGs with Applications to Indistinguishability Obfuscation},
    howpublished = {Cryptology ePrint Archive, Report 2017/301},
    year = {2017},
    note = {\url{http://eprint.iacr.org/2017/301}},
}

@misc{EPRINT:BBKK17,
    author = {Boaz Barak and Zvika Brakerski and Ilan Komargodski and Pravesh K. Kothari},
    title = {Limits on Low-Degree Pseudorandom Generators (Or: Sum-of-Squares Meets Program Obfuscation)},
    howpublished = {Cryptology ePrint Archive, Report 2017/312},
    year = {2017},
    note = {\url{http://eprint.iacr.org/2017/312}},
}

@inproceedings{EC:CheGenHal17,
  author    = {Yilei Chen and
               Craig Gentry and
               Shai Halevi},
  title     = {Cryptanalyses of Candidate Branching Program Obfuscators},
  booktitle = {Advances in Cryptology - {EUROCRYPT} 2017},
  pages     = {278--307},
  year      = {2017},
  url       = {https://doi.org/10.1007/978-3-319-56617-7_10},
  doi       = {10.1007/978-3-319-56617-7_10},
}


@article{CheJeoLee16,
  author       = {Cheon, Jung Hee and Jeong, Jinhyuck and Lee, Changmin},
  title        = {An algorithm for NTRU problems and cryptanalysis of the GGH multilinear map without a low-level encoding of zero},
  journal      = {LMS Journal of Computation and Mathematics},
  year         = 2016,
  volume       = 19,
  number       = {A},
  pages        = {255–266},
  DOI          = {10.1112/S1461157016000371},
  publisher    = {London Mathematical Society},
}

@InProceedings{EC:KirFou17,
  author       = {Paul Kirchner and Pierre{-}Alain Fouque},
  title        = {Revisiting Lattice Attacks on Overstretched {NTRU} Parameters},
  booktitle    = {Advances in Cryptology - {EUROCRYPT} 2017, Proceedings, Part {I}},
  year         = 2017,
  editor       = {Jean{-}S{\'{e}}bastien Coron and Jesper Buus Nielsen},
  volume       = 10210,
  series       = {Lecture Notes in Computer Science},
  pages        = {3-26},
  doi          = {10.1007/978-3-319-56620-7_1},
  url          = {http://dx.doi.org/10.1007/978-3-319-56620-7_1},
}

@misc{EPRINT:CheVaiWee18,
    author = {Yilei Chen and Vinod Vaikuntanathan and Hoeteck Wee},
    title = {GGH15 Beyond Permutation Branching Programs: Proofs, Attacks, and Candidates},
    howpublished = {Cryptology ePrint Archive, Report 2018/360},
    year = {2018},
    note = {\url{https://eprint.iacr.org/2018/360}},
}

@misc{Arxiv:SOT21,
      title={Synthetic Data -- A Privacy Mirage}, 
      author={Theresa Stadler and Bristena Oprisanu and Carmela Troncoso},
      year={2020},
      eprint={2011.07018},
      archivePrefix={arXiv},
      primaryClass={cs.LG}
}

@article{CTGAN,
  author    = {Lei Xu and
               Maria Skoularidou and
               Alfredo Cuesta{-}Infante and
               Kalyan Veeramachaneni},
  title     = {Modeling Tabular data using Conditional {GAN}},
  journal   = {CoRR},
  volume    = {abs/1907.00503},
  year      = {2019},
  url       = {http://arxiv.org/abs/1907.00503},
  archivePrefix = {arXiv},
  eprint    = {1907.00503},
  timestamp = {Mon, 08 Jul 2019 14:12:33 +0200},
  biburl    = {https://dblp.org/rec/journals/corr/abs-1907-00503.bib},
  bibsource = {dblp computer science bibliography, https://dblp.org}
}

@article{PATEGAN,
  author    = {Yunhui Long and
               Suxin Lin and
               Zhuolin Yang and
               Carl A. Gunter and
               Bo Li},
  title     = {Scalable Differentially Private Generative Student Model via {PATE}},
  journal   = {CoRR},
  volume    = {abs/1906.09338},
  year      = {2019},
  url       = {http://arxiv.org/abs/1906.09338},
  archivePrefix = {arXiv},
  eprint    = {1906.09338},
  timestamp = {Wed, 09 Oct 2019 13:20:17 +0200},
  biburl    = {https://dblp.org/rec/journals/corr/abs-1906-09338.bib},
  bibsource = {dblp computer science bibliography, https://dblp.org}
}
